+------------------------------------------------------------------------------+
|                   Main BibTex file for this Document.                        |
+------------------------------------------------------------------------------+

The bibtex program differs between outside an entry, everything before the "at
sign" and everything after the section which should follow the "at sign" is a
comment.

+------------------------------------------------------------------------------+

@book{example,
    author 	    = {},
    year 	    = {},
    title 	    = {},
    address     = {},
    edition     = {},
    publisher   = {},
    isbn 	    = {}
}
